% Encoding: UTF-8

@Misc{Chevalier2018,
  author       = {Guillaume Chevalier},
  title        = {LSTM Human Activity Recognition},
  howpublished = {\url{https://github.com/guillaume-chevalier/LSTM-Human-Activity-Recognition}},
  year         = {2018},
  publisher    = {GitHub},
  journal      = {GitHub repository},
}

@Misc{healthDataScience2017,
  author       = {healthDataScience},
  title        = {deep learning HAR},
  howpublished = {\url{https://github.com/healthDataScience/deep-learning-HAR}},
  year         = {2017},
  publisher    = {GitHub},
  journal      = {GitHub repository},
}

@Misc{Himmetoglu2017,
  author       = {Burak Himmetoglu},
  title        = {Time series classification with Tensorflow},
  howpublished = {\url{https://burakhimmetoglu.com/2017/08/22/time-series-classification-with-tensorflow/}},
  year         = {2017},
}

@Comment{jabref-meta: databaseType:bibtex;}
